@inproceedings{reek,
author = {Reek, Kenneth A.},
title = {Design Patterns for Semaphores},
booktitle = {Proceedings of the 35th SIGCSE Technical Symposium on Computer Science Education},
series = {SIGCSE '04},
year = {2004},
isbn = {1-58113-798-2},
location = {Norfolk, Virginia, USA},
pages = {320--324},
numpages = {5},
url = {http://doi.acm.org/10.1145/971300.971412},
doi = {10.1145/971300.971412},
acmid = {971412},
publisher = {ACM},
address = {New York, NY, USA},
keywords = {design pattern, operating system, semaphore, synchronization},
}

@book{hailperin,
author = "Max Hailperin",
title = "Operating Systems and Middleware: Supporting Controlled Interaction",
publisher = "Thompson Course Technology",
year = 2006
}

@book{butenhof,
author = "Butenhof, David R.",
title = "Programming with POSIX Threads",
publisher = "Addison-Wesley",
year = 1997
}

@book{andrews,
author = "Andrews, Gregory R.",
title = "Concurrent Programming: Principles and Practice",
publisher = "Addison-Wesley",
year = 1991
}

@techreport{patil,
author = "Patil, Suhas S.",
title = "Limitations and Capabilities of {Dijkstra}'s Semaphore Primitives
for Coordination Among Processes",
publisher = "Cambridge, Mass.: MIT, Project MAC, Computation Structures 
Group Memo 57",
number = "",
institution = "MIT",
month = feb,
year = 1971
}

@article{parnas,
author = "Parnas, David L.",
title = "On a solution to the cigarette smokers' problem without
conditional statements",
journal = "Communications of the ACM",
volume = 18,
numer = 3,
month = "March",
year = 1975,
pages = "181--183"
}

@article{morris,
author = "Morris, Joseph M.",
title = "A starvation-free solution to the mutual exclusion problem",
journal = "Information Processing Letters",
volume = 8,
numer = 2,
month = "February",
year = 1979,
pages = "76--80",
issn = "0020-0190",
doi = "https://doi.org/10.1016/0020-0190(79)90147-9",
url = "http://www.sciencedirect.com/science/article/pii/0020019079901479"
}

@book{stallings,
author = "William Stallings",
title = "Operating Systems: Internals and Design Principles",
edition = "Fourth",
publisher = "Prentice Hall",
year = 2000
}

@book{tanenbaum,
author = "Tanenbaum, Andrew S.",
title = "Modern Operating Systems",
edition = "Second",
publisher = "Prentice Hall",
year = 2001
}

@book{silberschatz,
author={Silberschatz, Abraham and Galvin, Peter B and Gagne, Greg and Silberschatz, A},
title = "Operating Systems Concepts",
edition = "Fifth",
publisher = {Addison-Wesley Reading},
year = 1997
}

@article{dijkstra65,
author = "Dijkstra, Edsger W.",
title = "Cooperating sequential processes",
publisher = "Technological University, Eindhoven, The Netherlands", 
journal={The Origin of Concurrent Programming},
year = 1965,
note = "Reprinted in {\em Programming Languages}, F. Genuys, ed.,
            Academic Press, New York 1968",
pages = {65--138},
doi={10.1007/978-1-4757-3472-0_2}
}

@article{gingras90dining,
author = "Gingras, Armando R.",
title = "Dining philosophers revisited",
journal = {SIGCSE Bull.},
volume = 22,
number = 3,
pages = "21--24, 28",
month = aug,
year = 1990,
issn = {0097-8418},
url = {http://doi.acm.org/10.1145/101085.101091},
doi = {10.1145/101085.101091},
acmid = {101091}
}

@article{yue91dining,
author = {Yue, Kwok-bun},
title = {Dining Philosophers Revisited, Again},
publisher = {ACM},
journal = {SIGCSE Bull.},
volume = 23,
number = 2,
pages = {60--64},
month = "June",
year = 1991,
issn = {0097-8418},
numpages = {5},
url = {http://doi.acm.org/10.1145/122106.122119},
doi = {10.1145/122106.122119},
acmid = {122119}
}
